@INPROCEEDINGS{hoti,
author={Alverson, R. and Roweth, D. and Kaplan, L.},
booktitle={High Performance Interconnects (HOTI), 2010 IEEE 18th Annual Symposium on},
title={The Gemini System Interconnect},
year={Aug.},
pages={83-87},
keywords={mainframes;multiprocessor interconnection networks;network computers;parallel machines;Crays supercomputer system;Gemini system interconnect;OS bypass;atomic memory operations;direct user completion notification;operating system;Bandwidth;Hardware;Kernel;Payloads;Routing;Synchronization;Tiles},
doi={10.1109/HOTI.2010.23},}
